@article{vamvakasoptical,
  title={{Optical Character Recognition for Handwritten Characters: National Center for Scientific Research}},
  author={Vamvakas, G.},
  journal={Demokritos Athens-Greece, Institute of Informatics and Telecommunications and Computational Intelligence Laboratory (CIL)}
}

@conference{chinnasarn2002removing,
  title={{Removing salt-and-pepper noise in text/graphics images}},
  author={Chinnasarn, K. and Rangsanseri, Y. and Thitimajshima, P.},
  booktitle={Circuits and Systems, 1998. IEEE APCCAS 1998. The 1998 IEEE Asia-Pacific Conference on},
  pages={459--462},
  isbn={0780351460},
  year={2002},
  organization={IEEE}
}